@article{bobrow1964natural,
  title={Natural language input for a computer problem solving system},
  author={Bobrow, Daniel G},
  year={1964}
}
@inproceedings{charniak1969computer,
  title={Computer solution of calculus word problems},
  author={Charniak, Eugene},
  booktitle={international joint conference on Artificial intelligence},
  pages={303--316},
  year={1969},
}

@inproceedings{dialogQA,

  title={Learning Knowledge Graphs for Question Answering through Conversational Dialog},

  author={Ben Hixon and Peter Clark and Hannaneh Hajishirzi},

  booktitle={NAACL},

  year={2015},

}

@article{koncel2015parsing,
    author = {Koncel-Kedziorski, Rik and Hajishirzi, Hannaneh and Sabharwal, Ashish and Etzioni, Oren and Damon Ang, Siena},
    title = {Parsing Algebraic Word Problems into Equations},
    journal={Transactions of the Association for Computational Linguistics},
    year={2015}
}

@article{weston2014memory,
  title={Memory networks},
  author={Weston, Jason and Chopra, Sumit and Bordes, Antoine},
  journal={arXiv preprint arXiv:1410.3916},
  year={2014}
}

@inproceedings{sachan2015learning,
  title={Learning answerentailing structures for machine comprehension},
  author={Sachan, Mrinmaya and Dubey, Avinava and Xing, Eric P and Richardson, Matthew},
  booktitle={Proceedings of ACL},
  year={2015}
}

@inproceedings{jansen2014discourse,
  title={Discourse Complements Lexical Semantics for Non-factoid Answer Reranking},
  author={Jansen, Peter and Surdeanu, Mihai and Clark, Peter},
  booktitle={Proceedings of the 52nd Annual Meeting of the Association for Computational Linguistics (ACL)},
  year={2014}
}

@inproceedings{hixon2015learning,
  title={Learning Knowledge Graphs for Question Answering through Conversational Dialog},
  booktitle={NAACL},
  author={Hixon, Ben and Clark, Peter and Hajishirzi, Hannaneh},
  year={2015}
}

@inproceedings{fader2013paraphrase,
  title={Paraphrase-Driven Learning for Open Question Answering.},
  author={Fader, Anthony and Zettlemoyer, Luke S and Etzioni, Oren},
  booktitle={ACL (1)},
  pages={1608--1618},
  year={2013},
  organization={Citeseer}
}

@article{CC01a,
 author = {Chang, Chih-Chung and Lin, Chih-Jen},
 title = {{LIBSVM}: A library for support vector machines},
 journal = {ACM Transactions on Intelligent Systems and Technology},
 volume = {2},
 issue = {3},
 year = {2011},
 pages = {27:1--27:27},
}

@inproceedings{lin1998information,
  title={An information-theoretic definition of similarity.},
  author={Lin, Dekang},
  booktitle={International Conference on Machine Learning},
  volume={98},
  pages={296--304},
  year={1998}
}

@inproceedings{feng2010many,
  title={How many words is a picture worth? automatic caption generation for news images},
  author={Feng, Yansong and Lapata, Mirella},
  booktitle={annual meeting of the Association for Computational Linguistics},
  pages={1239--1249},
  year={2010},
}

@article{yatskar2014see,
  title={See no evil, say no evil: Description generation from densely labeled images},
  author={Yatskar, Mark and Vanderwende, Lucy and Zettlemoyer, Luke},
  journal={Lexical and Computational Semantics (* SEM 2014)},
  pages={110},
  year={2014}
}

@book{Pol:Sag:94,
  author = {Carl Pollard and Ivan A. Sag},
  title = {{H}ead-{D}riven {P}hrase {S}tructure {G}rammar},
  year = 1994,
  publisher = {The University of Chicago Press and CSLI Publications},
  series = {Studies in Contemporary Linguistics},
  address = {Chicago, IL and Stanford, CA}
}
@inproceedings{ge2005statistical,
  title={A statistical semantic parser that integrates syntax and semantics},
  author={Ge, Ruifang and Mooney, Raymond J},
  booktitle={ Conference on Computational Natural Language Learning},
  pages={9--16},
  year={2005},
}

@inproceedings{koncel2014multi,
  title={Multi-Resolution Language Grounding with Weak Supervision},
  author={Koncel-Kedziorski, R and Hajishirzi, Hannaneh and Farhadi, Ali},
  year={2014},
  booktitle={Proceedings of the  Conference on Empirical Methods in Natural Language Processing (EMNLP)}
}

@inproceedings{kushman2014learning,
  title={Learning to automatically solve algebra word problems},
  author={Kushman, Nate and Artzi, Yoav and Zettlemoyer, Luke and Barzilay, Regina},
  booktitle={Annual Meeting of the Association for Computational Linguistics},
  pages={271--281},
  year={2014}
}

@inproceedings{hosseini2014learning,
  title={Learning to solve arithmetic word problems with verb categorization},
  author={Hosseini, Mohammad Javad and Hajishirzi, Hannaneh and Etzioni, Oren and Kushman, Nate},
  booktitle={Empirical Methods in Natural Language Processing (EMNLP)},
  pages={523--533},
  year={2014}
}
@article{copestake2005minimal,
  title={Minimal recursion semantics: An introduction},
  author={Copestake, Ann and Flickinger, Dan and Pollard, Carl and Sag, Ivan A},
  journal={Research on Language and Computation},
  volume={3},
  number={2-3},
  pages={281--332},
  year={2005},
  publisher={Springer}
}
@article{flickinger2000building,
  title={On building a more effcient grammar by exploiting types},
  author={Flickinger, Dan},
  journal={Natural Language Engineering},
  volume={6},
  number={01},
  pages={15--28},
  year={2000},
  publisher={Cambridge Univ Press}
}
@article{flickinger2011accuracy,
  title={Accuracy vs. robustness in grammar engineering},
  author={Flickinger, Dan},
  journal={Language from a cognitive perspective: Grammar, usage, and processing},
  pages={31--50},
  year={2011}
}


@ONLINE{moonweb,
  author={Ray Mooney},
  title = {http://www.cs.utexas.edu/~ml/ publications/area/132/connecting\_language\_and\_perception},
  year = {2014}
}
@InProceedings{bender-EtAl:2015:IWCS2015,
  author    = {Bender, Emily M.  and  Flickinger, Dan  and  Oepen, Stephan  and  Packard, Woodley  and  Copestake, Ann},
  title     = {Layers of Interpretation: On Grammar and Compositionality},
  booktitle = {Proceedings of the 11th International Conference on Computational Semantics},
  month     = {April},
  year      = {2015},
  address   = {London, UK},
  publisher = {Association for Computational Linguistics},
  pages     = {239--249},
  url       = {http://www.aclweb.org/anthology/W15-0128}
}
@book{quine,
  title={Word and object},
  author={Quine, Willard Van Orman},
  journal={Cambridge, Mass},
  year={1969}
}
@article{grice,
  author={Grice, H. P.},
  year={1968},
  title={Utterer’s meaning, sentence-meaning, and word-meaning},
  journal={Foundations of Language},
  volume={4(3)},
  pages={225 – 242}
}
@inproceedings{zelle1996learning,
  title={Learning to parse database queries using inductive logic programming},
  author={Zelle, John M and Mooney, Raymond J},
  booktitle={AAAI},
  pages={1050--1055},
  year={1996}
}


@InProceedings{moon2,
title={Learning Language from Perceptual Context: A Challenge Problem for AI},
author={Raymond J. Mooney},
booktitle={Proceedings of the 2006 AAAI Fellows Symposium},
month={July},
address={Boston, MA},
url="http://www.cs.utexas.edu/users/ai-lab/?mooney:aaaifellows06",
year={2006}
}

@inproceedings{hajishirzisemantic,
  title={Semantic Understanding of Professional Soccer Commentaries},
  author={Hajishirzi, Hannaneh and Rastegari, Mohammad and Farhadi, Ali and Hodgins, Jessica K},
  booktitle={UAI},
year={2012}
}

@inproceedings{Zettlemoyer:UAIC05,
  author    = {Luke S. Zettlemoyer and
               Michael Collins},
  title     = {Learning to Map Sentences to Logical Form: Structured Classification
               with Probabilistic Categorial Grammars},
  booktitle = {UAI},
  year      = {2005},
  pages     = {658-666},
}

@inproceedings{BranavanCZB:ACL09,
  author    = {S. R. K. Branavan and
               Harr Chen and
               Luke Zettlemoyer and
               Regina Barzilay},
  title     = {Reinforcement Learning for Mapping Instructions to Actions},
  booktitle = {ACL/AFNLP},
  year      = {2009},
  pages     = {82-90},
}

@inproceedings{BranavanZB:ACL10,
  author    = {S. R. K. Branavan and
               Luke S. Zettlemoyer and
               Regina Barzilay},
  title     = {Reading between the Lines: Learning to Map High-Level Instructions
               to Commands},
  booktitle = {ACL},
  year      = {2010},
  pages     = {1268-1277},
}

@inproceedings{LiangJK:ACL09,
  author    = {Percy Liang and
               Michael I. Jordan and
               Dan Klein},
  title     = {Learning Semantic Correspondences with Less Supervision},
  booktitle = {Proceedings of the Joint Conference of the 47th Annual Meeting of the Association for Computational Linguistics and 4th International Joint Conference on Natural Language Processing of the AFNLP},
  year      = {2009},
  pages     = {91-99},
}

@article{ChenKM:JAIR10,
  author    = {David L. Chen and
               Joohyun Kim and
               Raymond J. Mooney},
  title     = {Training a Multilingual Sportscaster: Using Perceptual Context
               to Learn Language},
  journal   = {JAIR},
  volume    = {37},
  year      = {2010},
  pages     = {397-435},
}

@inproceedings{HajishirziHMA:UAI11,
  author    = {Hannaneh Hajishirzi and
               Julia Hockenmaier and
               Erik T. Mueller and
               Eyal Amir},
  title     = {Reasoning about RoboCup Soccer Narratives},
  booktitle = {UAI},
  year      = {2011},
  pages     = {291-300},
}

@inproceedings{ChenM:ICML08,
  author    = {David L. Chen and
               Raymond J. Mooney},
  title     = {Learning to sportscast: a test of grounded language acquisition},
  booktitle = {ICML},
  year      = {2008},
  pages     = {128-135},
}


@ONLINE{Opta,
author = {Opta},
year = {2012},
title = {http://www.optasports.com},
}

@ONLINE{espn,
author = {ESPN},
year = {2012},
title = {http://soccernet.espn.go.com/},
}

@inproceedings{PoonD:EMNLP09,
  author    = {Hoifung Poon and
               Pedro Domingos},
  title     = {Unsupervised Semantic Parsing},
  booktitle = {Proceedings of the 2009 Conference on Empirical Methods in Natural Language Processing},
  year      = {2009},
  pages     = {1-10},
}

@inproceedings{KateMooney:AAAI07,
  author = "Rohit J. Kate and Raymond J. Mooney",
  year = "2007",
  title = "Learning language semantics from ambiguous supervision",
  booktitle = "Proceedings of the Twenty-Second AAAI Conference on Artificial Intelligence",
  pages = "895-900",
}

@inproceedings{EisensteinCGR:EMNLP09,
  author    = {Jacob Eisenstein and
               James Clarke and
               Dan Goldwasser and
               Dan Roth},
  title     = {Reading to Learn: Constructing Features from Semantic Abstracts},
  booktitle = {Proceedings of the 2009 Conference on Empirical Methods in Natural Language Processing},
  year      = {2009},
  pages     = {958-967},
}

@inproceedings{GoldwasserR:IJCAI11,
  author    = {Dan Goldwasser and
               Dan Roth},
  title     = {Learning from Natural Instructions},
  booktitle = {Proceedings of the twenty-second International Joint Conference on Artificial Intelligence},
  year      = {2011},
  pages     = {1794-1800},
}

@inproceedings{VogelJ:ACL10,
  author    = {Adam Vogel and
               Daniel Jurafsky},
  title     = {Learning to Follow Navigational Directions},
  booktitle = {Proceedings of the 48th Annual Meeting of the Association for Computational Linguistics},
  year      = {2010},
  pages     = {806-814},
}

@inproceedings{GeM:ACL06,
  author    = {Ruifang Ge and
               Raymond J. Mooney},
  title     = {Discriminative Reranking for Semantic Parsing},
  booktitle = {Proceedings of the 44th Annual Meeting of the Association for Computational Linguistics},
  year      = {2006},
}

@article{BrinP:CN98,
  author    = {Sergey Brin and
               Lawrence Page},
  title     = {The Anatomy of a Large-Scale Hypertextual Web Search Engine},
  journal   = {Computer Networks},
  volume    = {30},
  number    = {1-7},
  year      = {1998},
  pages     = {107-117},
}

@inproceedings{AndrewsTH02,
  author    = {Stuart Andrews and
               Ioannis Tsochantaridis and
               Thomas Hofmann},
  title     = {Support Vector Machines for Multiple-Instance Learning},
  booktitle = {NIPS},
  year      = {2002},
  pages     = {561-568},
  ee        = {http://books.nips.cc/papers/files/nips15/AA10.pdf},
}

@inproceedings{miSVM,
  author    = {Stuart Andrews and
               Ioannis Tsochantaridis and
               Thomas Hofmann},
  title     = {Support Vector Machines for Multiple-Instance Learning},
  booktitle = {NIPS},
  year      = {2002},
  pages     = {561-568},
  ee        = {http://books.nips.cc/papers/files/nips15/AA10.pdf},
}

@article{FanCHWL08,
  author    = {Rong-En Fan and
               Kai-Wei Chang and
               Cho-Jui Hsieh and
               Xiang-Rui Wang and
               Chih-Jen Lin},
  title     = {{LIBLINEAR}: A Library for Large Linear Classification},
  journal   = {Journal of Machine Learning Research},
  volume    = {9},
  year      = {2008},
  pages     = {1871-1874},
}

@inproceedings{ESVM,
  Author =	 {Tomasz Malisiewicz and Abhinav Gupta and Alexei A. Efros},
  Booktitle =	 {Proceedings of the 13th International Conference on Computer Vision.},
  Title =	 {Ensemble of Exemplar-SVMs for Object Detection and Beyond},
  Year =	 2011
}
@article{shrivastava-sa11,
 author = {Shrivastava, Abhinav and Malisiewicz, Tomasz and Gupta, Abhinav and Efros, Alexei A.},
 title = {Data-driven Visual Similarity for Cross-domain Image Matching}, 
 journal = {ACM Transaction of Graphics (TOG) (Proceedings of ACM SIGGRAPH ASIA)},
 year = {2011},
 volume = {30},
 number = {6},
}
%@inproceedings{hajishirzisemantic,
  title={Semantic Understanding of Professional Soccer Commentaries},
  author={Hajishirzi, Hannaneh and Rastegari, Mohammad and Farhadi, Ali and Hodgins, Jessica K},
  booktitle={UAI},
year={2012}
}

@inproceedings{SnyderB:IJCAI07,
  author    = {Benjamin Snyder and
               Regina Barzilay},
  title     = {Database-Text Alignment via Structured Multilabel Classification},
  booktitle = {Proceedings of the 20th International Joint Conference on Artificial Intelligence},
  year      = {2007},
  pages     = {1713-1718},
  ee        = {http://dli.iiit.ac.in/ijcai/IJCAI-2007/PDF/IJCAI07-277.pdf},
}

@article{carlos,
AUTHOR = {Andreas Krause and Brendan McMahan and Carlos Guestrin and Anupam Gupta},
TITLE = {Robust Submodular Observation Selection},
JOURNAL = {Journal of Machine Learning Research (JMLR)},
YEAR = {2008},
volume = {9},
pages = {2761-2801},
month = {December},
}

@article{drew,
  author    = {Debadeepta Dey and
               Tian Yu Liu and
               Martial Hebert and
               J. Andrew Bagnell},
  title     = {Predicting Contextual Sequences via Submodular Function
               Maximization},
  journal   = {CoRR},
  volume    = {abs/1202.2112},
  year      = {2012},
}


@article{submodular,
AUTHOR = {P.R. Goundan and A.S. Schulz},
TITLE = {Revisiting the greedy approach to submodular set function maximization},
JOURNAL = {MIT},
YEAR = {2009},
}

@inproceedings{BordesUW10,
  author    = {Antoine Bordes and
               Nicolas Usunier and
               Jason Weston},
  title     = {Label Ranking under Ambiguous Supervision for Learning Semantic
               Correspondences},
  booktitle = {Proceedings of The 27th International Conference on Machine Learning},
  year      = {2010},
  pages     = {103-110},
}
@article{pitler2008easily,
  title={Easily identifiable discourse relations},
  author={Pitler, Emily and Raghupathy, Mridhula and Mehta, Hena and Nenkova, Ani and Lee, Alan and Joshi, Aravind K},
  journal={Technical Reports (CIS)},
  year={2008}
}
@article{pierrehumbert1990meaning,
  title={The meaning of intonational contours in the interpretation of discourse},
  author={Pierrehumbert, Janet and Hirschberg, Julia},
  journal={Intentions in Communication},
  volume={271},
  year={1990}
}
@article{artzi2013weakly,
  title={Weakly supervised learning of semantic parsers for mapping instructions to actions},
  author={Artzi, Yoav and Zettlemoyer, Luke},
  journal={Transactions of the Association for Computational Linguistics},
  volume={1},
  number={1},
  pages={49-62},
  year={2013}
}
@inproceedings{poon2013grounded,
  title={Grounded unsupervised semantic parsing},
  author={Poon, Hoifung},
  booktitle={Proceedings of the 51st Annual Meeting of the Association for Computational Linguistics},
  year={2013}
}


@inproceedings{UW_RSE_ICML2012,
        author = {Matuszek, Cynthia and Nicholas FitzGerald and Luke Zettlemoyer and Liefeng Bo and Dieter Fox},
        booktitle = {Proc.~of the 2012 International Conference on Machine Learning},
        title = {{A Joint Model of Language and Perception for Grounded Attribute Learning}},
        month = {June},
        address = {Edinburgh, Scotland},
        year = {2012}
}
@inproceedings{yu2013grounded,
  title={Grounded language learning from video described with sentences},
  author={Yu, Haonan and Siskind, Jeffrey Mark},
  booktitle={Proceedings of the 51st Annual Meeting of the Association for Computational Linguistics},
  volume={1},
  pages={53-63},
  year={2013}
}


@inproceedings {MatuszekISER2012,
   title	= {Learning to Parse Natural Language Commands to a Robot Control System},
   author	= {Cynthia Matuszek and Evan Herbst and Luke Zettlemoyer and Dieter Fox},
   booktitle	= {Proc.~of the 13th International Symposium on Experimental Robotics (ISER)},
   month	= {June},
   year		= {2012},
   location	= {Qu\'{e}bec City, Quebec, Canada}
}

@article{chafe1988punctuation,
  title={Punctuation and the prosody of written language},
  author={Chafe, Wallace},
  journal={Written communication},
  volume={5},
  number={4},
  pages={395-426},
  year={1988},
  publisher={Sage Publications}
}
@misc{black2000building,
  title={Building voices in the Festival speech synthesis system},
  author={Black, Alan and Lenzo, Kevin},
  year={2000}
}
@article{viterbi1967error,
  title={Error bounds for convolutional codes and an asymptotically optimum decoding algorithm},
  author={Viterbi, Andrew J},
  journal={Information Theory, IEEE Transactions on},
  volume={13},
  number={2},
  pages={260-269},
  year={1967},
  publisher={IEEE}
}
@article{davidson1967logical,
  title={The logical form of action sentences},
  author={Davidson, Donald},
  journal={The logic of Decision and Action},
  year={1967}
}
@inproceedings{kwiatkowski2010inducing,
  title={Inducing probabilistic CCG grammars from logical form with higher-order unification},
  author={Kwiatkowski, Tom and Zettlemoyer, Luke and Goldwater, Sharon and Steedman, Mark},
  booktitle={Proceedings of the 2010 conference on empirical methods in natural language processing},
  pages={1223--1233},
  year={2010},
}
@inproceedings{de2006generating,
  title={Generating typed dependency parses from phrase structure parses},
  author={De Marneffe, Marie-Catherine and MacCartney, Bill and Manning, Christopher D and others},
  booktitle={Proceedings of LREC},
  volume={6},
  pages={449--454},
  year={2006}
}


@inproceedings{de2008stanford,
  title={The Stanford typed dependencies representation},
  author={De Marneffe, Marie-Catherine and Manning, Christopher D},
  booktitle={Coling 2008: Proceedings of the workshop on Cross-Framework and Cross-Domain Parser Evaluation},
  pages={1-8},
  year={2008},
}

@inproceedings{seo2014diagram,
  title={Diagram understanding in geometry questions},
  author={Seo, Min Joon and Hajishirzi, Hannaneh and Farhadi, Ali and Etzioni, Oren},
  booktitle={AAAI},
  year={2014},
}

@inproceedings{Farhadi2010,
 author = {Farhadi, Ali and Hejrati, Mohsen and Sadeghi, Mohammad Amin and Young, Peter and Rashtchian, Cyrus and Hockenmaier, Julia and Forsyth, David},
 title = {Every Picture Tells a Story: Generating Sentences from Images},
 booktitle = {ECCV},
 year = {2010}
} 
@INPROCEEDINGS{Kulkarni11babytalk,
    author = {Girish Kulkarni and Visruth Premraj and Sagnik Dhar and Siming Li and Yejin Choi and Alexander C Berg and Tamara L Berg},
    title = {Baby talk: Understanding and generating image descriptions},
    booktitle = {CVPR},
    year = {2011}
}

@article{Roy15,
  title={Reasoning about Quantities in Natural Language},
  author={Subhro Roy and Tim Vieira and Dan Roth},
  journal={Transactions of the Association for Computational Linguistics (TACL)},
  year={2015}
}

@inproceedings{RothYi04,
    author = {D. Roth and W. Yih},
    title = {A Linear Programming Formulation for Global Inference in Natural Language Tasks},
    booktitle = {CoNLL},
    pages = {1--8},
    year = {2004},
    publisher = {Association for Computational Linguistics},
    editor = {Hwee Tou Ng and Ellen Riloff},
    acceptance = {11/23 (48\%)},
    url = " http://cogcomp.cs.illinois.edu/papers/RothYi04.pdf",
    funding = {ITR-BI,MURI,XPRESSMP},
    projects = {IE,LnI,CCM,NER,PL},
    comment = {Simultaneous recognition of Named Entities and Relations between them. Learning and Inference via an Integer Linear Programming framework; Structure Learning; Avoiding Pipeline Processing},
}

@inproceedings{SrikumarRo11,
    author = {V. Srikumar and D. Roth},
    title = {A Joint Model for Extended Semantic Role Labeling},
    booktitle = {EMNLP},
    year = {2011},
    address = {Edinburgh, Scotland},
    url = "http://cogcomp.cs.illinois.edu/papers/SrikumarRo11.pdf",
}
@inproceedings{seo2015solving,
  title={Solving Geometry Problems: Combining Text and Diagram Interpretation},
  author={Seo, Minjoon and Hajishirzi, Hannaneh and Farhadi, Ali and Etzioni, Oren and Malcolm, Clint},
  booktitle = {Proceedings of EMNLP},
    year = {2015},
  address = {Lisbon,Portugal}
}
@inproceedings{roy2015solving,
  title={Solving General Arithmetic Word Problems},
  author={Roy, Subhro and Champaign, Urbana and Roth, Dan},
  booktitle = {Proceedings of EMNLP},
    year = {2015},
  address = {Lisbon,Portugal}
}
@inproceedings{shi2015automatically,
  title={Automatically Solving Number Word Problems by Semantic Parsing and Reasoning},
  author={Shi, Shuming and Wang, Yuehui and Lin, Chin-Yew and Liu, Xiaojiang and Rui, Yong},
    booktitle = {Proceedings of EMNLP},
    year = {2015},
  address = {Lisbon,Portugal}
}
@inproceedings{mitralearning,
  title={Learning to Automatically Solve Logic Grid Puzzles},
  author={Mitra, Arindam and Baral, Chitta},
      booktitle = {Proceedings of EMNLP},
    year = {2015},
  address = {Lisbon,Portugal}
}

@inproceedings{zhou2015learn,
  title={Learn to Solve Algebra Word Problems Using Quadratic Programming},
  author={Zhou, Lipu and Dai, Shuaixiang and Chen, Liwei},
    booktitle = {Proceedings of EMNLP},
    year = {2015},
  address = {Lisbon,Portugal}
}

@inproceedings{GoldwasserRo11,
    author = {D. Goldwasser and D. Roth},
    title = {Learning from Natural Instructions},
    booktitle = {IJCAI},
    year = {2011},
    url = "http://cogcomp.cs.illinois.edu/papers/GoldwasserRo11(2).pdf",
}

@inproceedings{Liu2015,
    author = {Fei Liu and Jeffrey Flanigan and Sam Thomson and Norman Sadeh and Noah A. Smith},
    title = {Toward Abstractive Summarization Using Semantic Representations},
    booktitle = {NAACL},
    year = {2015},
}

@article{collinsparser,
  title={Discriminative Reranking for Natural Language Parsing},
  author={Michael Collins},
  journal={Computational Linguistics},
  pages={25--70},
  year={2005},
  volume={31},
  number={1},
}

@misc{cplex12.6,
  author={{IBM ILOG}},
  title={{IBM ILOG CPLEX} {O}ptimization {S}tudio 12.6},
  year=2014
}

@inproceedings{berantSrikumar14,
  author = {Jonathan Berant and Vivek Srikumar and Pei-Chun Chen and Abby Vander Linden and Brittany Harding and Brad Huang and Peter Clark and Christopher D. Manning},
  booktitle = {Proceedings of EMNLP},
  title = {Modeling Biological Processes for Reading Comprehension},
  year = {2014},
}

@misc{ace,
    author={Woodley Packard},
    title={ACE: the Answer Constraint Engine},
    year={2015},
    url={http://sweaglesw.org/linguistics/ace/}
}

@article{packard2014uw,
  title={UW-MRS: Leveraging a Deep Grammar for Robotic Spatial Commands},
  author={Packard, Woodley},
  journal={SemEval 2014},
  pages={812},
  year={2014}
}
@article{lien2015semantic,
  title={Semantic Parsing for Textual Entailment},
  author={Lien, Elisabeth and Kouylekov, Milen},
  journal={IWPT 2015},
  pages={40},
  year={2015}
}
@article{mikolov2013efficient,
  title={Efficient estimation of word representations in vector space},
  author={Mikolov, Tomas and Chen, Kai and Corrado, Greg and Dean, Jeffrey},
  journal={arXiv preprint arXiv:1301.3781},
  year={2013}
}
